@article{bonawitz2019towards,
  title={Towards federated learning at scale: System design},
  author={Bonawitz, Keith and Eichner, Hubert and Grieskamp, Wolfgang and Huba, Dzmitry and Ingerman, Alex and Ivanov, Vladimir and Kiddon, Chloe and Kone{\v{c}}n{\`y}, Jakub and Mazzocchi, Stefano and McMahan, Brendan and others},
  journal={Proceedings of machine learning and systems},
  volume={1},
  pages={374--388},
  year={2019}
}

@inproceedings{chai2020tifl,
  title={Tifl: A tier-based federated learning system},
  author={Chai, Zheng and Ali, Ahsan and Zawad, Syed and Truex, Stacey and Anwar, Ali and Baracaldo, Nathalie and Zhou, Yi and Ludwig, Heiko and Yan, Feng and Cheng, Yue},
  booktitle={Proceedings of the 29th international symposium on high-performance parallel and distributed computing},
  pages={125--136},
  year={2020}
}

@inproceedings{nguyen2019diot,
  title={D{\"I}oT: A federated self-learning anomaly detection system for IoT},
  author={Nguyen, Thien Duc and Marchal, Samuel and Miettinen, Markus and Fereidooni, Hossein and Asokan, N and Sadeghi, Ahmad-Reza},
  booktitle={2019 IEEE 39th International conference on distributed computing systems (ICDCS)},
  pages={756--767},
  year={2019},
  organization={IEEE}
}

@inproceedings{qin2021federated,
  title={Federated learning-based network intrusion detection with a feature selection approach},
  author={Qin, Yang and Kondo, Masaaki},
  booktitle={2021 International Conference on Electrical, Communication, and Computer Engineering (ICECCE)},
  pages={1--6},
  year={2021},
  organization={IEEE}
}

@inproceedings{schneble2019attack,
  title={Attack detection using federated learning in medical cyber-physical systems},
  author={Schneble, William and Thamilarasu, Geethapriya},
  booktitle={28th International conference on computer communications and networks (icccn)},
  pages={1--8},
  year={2019}
}

@article{liu2021blockchain,
  title={Blockchain and federated learning for collaborative intrusion detection in vehicular edge computing},
  author={Liu, Hong and Zhang, Shuaipeng and Zhang, Pengfei and Zhou, Xinqiang and Shao, Xuebin and Pu, Geguang and Zhang, Yan},
  journal={IEEE Transactions on Vehicular Technology},
  volume={70},
  number={6},
  pages={6073--6084},
  year={2021},
  publisher={IEEE}
}

@article{agrawal2022federated,
  title={Federated learning for intrusion detection system: Concepts, challenges and future directions},
  author={Agrawal, Shaashwat and Sarkar, Sagnik and Aouedi, Ons and Yenduri, Gokul and Piamrat, Kandaraj and Alazab, Mamoun and Bhattacharya, Sweta and Maddikunta, Praveen Kumar Reddy and Gadekallu, Thippa Reddy},
  journal={Computer Communications},
  year={2022},
  publisher={Elsevier}
}
@article{chen2020graph,
  title={Graph representation learning: a survey},
  author={Chen, Fenxiao and Wang, Yun-Cheng and Wang, Bin and Kuo, C-C Jay},
  journal={APSIPA Transactions on Signal and Information Processing},
  volume={9},
  pages={e15},
  year={2020},
  publisher={Cambridge University Press}
}

@inproceedings{nguyen2020poisoning,
  title={Poisoning attacks on federated learning-based IoT intrusion detection system},
  author={Nguyen, Thien Duc and Rieger, Phillip and Miettinen, Markus and Sadeghi, Ahmad-Reza},
  booktitle={Proc. Workshop Decentralized IoT Syst. Secur.(DISS)},
  year={2020}
}