Merged file: @misc{alienvault,
    title = {AlienVault OTX},
    howpublished = {\url{https://otx.alienvault.com/}}
}

@misc{angr,
title = {{Angr}},
howpublished = {\url{https://angr.io}}
}

@misc{arkime,
title = {{Arkime}},
howpublished = {\url{https://arkime.com}}
}

@misc{attack-mssp,
  title        = {{MSSPs Among Hardest Hit by Cyberattacks Targeting}},
  howpublished = {\url{https://www.msspalert.com/cybersecurity-research/mssps-among-hardest-hit-by-cyberattacks-targeting-backup-vulnerabilities/}},
}

@misc{carbonblackcloud,
title={{Carbon Black Cloud}},
howpublished={\url{https://www.vmware.com/products/carbon-black-cloud.html}}
}
@misc{elasticdetectionrules,
title={{Elastic Detection Rules}},
howpublished={\url{https://github.com/elastic/detection-rules}}
}
@misc{chronicledetectionrules,
title={{Chronicle Detection Rules}},
howpublished={\url{https://github.com/chronicle/detection-rules}}
}
@misc{sigma,
title={{Sigma}},
howpublished={\url{https://github.com/SigmaHQ/sigma}}
}

@misc{darpaoptc,
	Howpublished = {\url{https://github.com/FiveDirections/OpTC-data}},
	Title = {{DARPA OpTC}},
	}

@misc{darpatc,
	Howpublished = {\url{https://github.com/darpa-i2o/Transparent-Computing}},
	Title = {{DARPA TC}},
	}

@misc{ebpf-faster1,
  title        = {{On Bypassing eBPF Security Monitoring}},
  howpublished = {\url{https://blog.doyensec.com/2022/10/11/ebpf-bypass-security-monitoring.html}},
}

@misc{ebpf-faster2,
  title        = {{Falco vs. AuditD from the HIDS perspective}},
  howpublished = {\url{https://sysdig.com/blog/falco-vs-auditd-hids/}},
}

@misc{ebpf-faster3,
  title        = {{BSidesSF 2017: Security Monitoring with eBPF}},
  howpublished = {\url{https://www.brendangregg.com/Slides/BSidesSF2017_BPF_security_monitoring/}},
}

@misc{ebpf-windows,
  title        = {{eBPF for Windows}},
  howpublished = {\url{https://github.com/microsoft/ebpf-for-windows}},
}

@misc{flurry,
	Howpublished = {\url{https://pypi.org/project/flurryflake/}},
	Title = {{Flurry}},
	}
@misc{lastpass,
  title        = {{Hacked home computer of engineer}},
  howpublished = {\url{https://www.csoonline.com/article/3688922/hacked-home-computer-of-engineer-led-to-second-lastpass-data-breach.html}},
}

@misc{ghidra,
title = {{Ghidra}},
howpublished = {\url{https://ghidra-sre.org}}
}

@misc{incidentplaybook,
title={Incident-Playbook},
howpublished={\url{https://github.com/austinsonger/Incident-Playbook}}
}

@misc{infectionmonkey,
  title        = {{Infection Monkey}},
  howpublished = {\url{https://www.akamai.com/infectionmonkey}},
}

@misc{lockheedcyberkillchain,
title = {{Analysis of Adversary Campaigns and Intrusion Kill Chains}},
howpublished = {\url{https://www.lockheedmartin.com/content/dam/lockheed-martin/rms/documents/cyber/Gaining_the_Advantage_Cyber_Kill_Chain.pdf}},
}

@misc{mitred3fend,
title={MITRE D3FEND},
howpublished={\url{https://github.com/MITRE/D3FEND}}
}

@misc{mssp,
  title        = {{Managed Security Service Provider (MSSP)}},
  howpublished = {\url{https://www.gartner.com/en/information-technology/glossary/mssp-managed-security-service-provider}},
}

@misc{netwrixw,
  title        = {{Insider Threat Detection}},
  howpublished = {\url{https://www.netwrix.com/insider\_threat\_detection.html}},
}
@misc{wannacrynumbers,
  title        = {{200,000+ Systems Affected by WannaCry Ransom Attack}},
  howpublished = {\url{https://www.statista.com/chart/9399/wannacry-cyber-attack-in-numbers/}},
}
@misc{fileless,
  title        = {{Fileless Malware}},
  howpublished = {\url{https://www.mcafee.com/enterprise/en-us/security-awareness/ransomware/what-is-fileless-malware.html}},
}
@misc{injection,
  title        = {{Process Injection}},
  howpublished = {\url{https://attack.mitre.org/techniques/T1055/}},
}
@misc{netwrix,
  title        = {{Netwrix Auditor}},
  howpublished = {\url{https://www.netwrix.com/network\_auditing\_software\_features.html}},
}
@misc{mttdmttk,
  title        = {{MTTD vs MTTK}},
  howpublished = {\url{https://www.threatstack.com/blog/how-to-use-automation-to-decrease-mean-time-to-know}},
}
@misc{splunk,
  title        = {Splunk},
  howpublished = {\url{https://www.splunk.com}},
}
@misc{crowdstrike,
  title        = {{CrowdStrike}},
  howpublished = {\url{https://www.crowdstrike.com/}},
}
@misc{cortex,
  title        = {{Cortex XDR}},
  howpublished = {\url{https://www.paloaltonetworks.com/cortex/cortex-xdr}},
}
@misc{equifax,
  title        = {{Equifax says cyberattack may have affected 143 million in the U.S.}},
  howpublished = {\url{https://www.nytimes.com/2017/09/07/business/equifax-cyberattack.html}},
}
@misc{angrspeed,
  title        = {{Speed considerations}},
  howpublished = {\url{https://github.com/angr/angr-doc/blob/master/docs/speed.md}},
}
@misc{windowsaudit,
  title        = {{Event tracing}},
  howpublished = {\url{https://docs.microsoft.com/en-us/windows/desktop/ETW/event-tracing-portal}},
}
@misc{dtrace,
  title        = {{DTrace}},
  howpublished = {\url{https://www.freebsd.org/doc/handbook/dtrace.html}},
}
@misc{sc2005,
  title        = {{Lineage File System}},
  author       = {Sar, Can and Cao, Pei},
  howpublished = {\url{http://crypto.stanford.edu/~cao/lineage.html}},
}
@misc{ftpbench,
  title        = {{Benchmark for ftp servers}},
  howpublished = {\url{https://pypi.python.org/pypi/ftpbench}},
}
@misc{apachebench,
  title        = {{Apache HTTP server benchmarking tool}},
  howpublished = {\url{https://httpd.apache.org/docs/2.4/programs/ab.html}},
}
@misc{scalagraph,
  title        = {{Graph For Scala}},
  howpublished = {\url{http://www.scala-graph.org/}},
}
@misc{linuxaudit,
  title        = {The {Linux} audit daemon},
  note         = {\url{https://linux.die.net/man/8/auditd}},
}
@misc{secondprovenancechallenge,
  title        = {{The Second Provenance Challenge}},
  howpublished = {\url{https://openprovenance.org/provenance-challenge/SecondProvenanceChallenge.html}},
}
@misc{mitre1,
  title        = {{Why MITRE ATT\&CK Matters}},
  howpublished = {\url{https://symantec-blogs.broadcom.com/blogs/expert-perspectives/why-mitre-attck-matters}},
}
@misc{mitre2,
  title        = {{Experts advocate for ATT\&CK}},
  howpublished = {\url{https://www.cyberscoop.com/mitre-attck-framework-experts-advocate/}},
}
@misc{mitreeval,
  title        = {{ATT\&CK Evaluations}},
  howpublished = {\url{https://attackevals.mitre.org/}},
}
@misc{capecrepo,
  title        = {{Cyber Threat Intelligence Repository}},
  howpublished = {\url{https://github.com/mitre/cti}},
}
@misc{caldera,
  title        = {{CALDERA}},
  howpublished = {\url{https://www.mitre.org/research/technology-transfer/open-source-software/caldera}},
}
@misc{esgstudy,
  title        = {{An ESG Research Insights Report}},
  howpublished = {\url{http://pages.siemplify.co/rs/182-SXA-457/images/ESG-Research-Report.pdf}},
}
@misc{logrythm,
  title        = {{Endpoint Monitoring \& Security}},
  howpublished = {\url{https://logrhythm.com/solutions/security/endpoint-threat-detection/}},
}
@misc{study1,
  title        = {{Automated Incident Response: Respond to Every Alert}},
  howpublished = {\url{https://swimlane.com/blog/automated-incident-response-respond-every-alert/}},
}
@misc{study2,
  title        = {{New Research from Advanced Threat Analytics}},
  howpublished = {\url{https://prn.to/2uTiaK6}},
}
@misc{dwelltimecost,
  title        = {Incident Investigation},
  howpublished = {\url{https://www.fireeye.com/solutions/incident-investigation.html}},
}
@misc{passthehash,
  title        = {{Pass-the-hash attacks: Tools and Mitigation}},
  howpublished = {\url{https://www.sans.org/reading-room/whitepapers/testing/pass-the-hash-attacks-tools-mitigation-33283}},
}
@misc{w3c,
  title        = {{PROV-Overview: An Overview of the PROV Family of Documents}},
  howpublished = {\url{http://www.w3.org/TR/prov-overview/}},
}
@misc{shellshock,
  title        = {{CVE-2014-6271}},
  howpublished = {\url{https://nvd.nist.gov/vuln/detail/CVE-2014-6271}},
}
@misc{personnelattack,
  title        = {{Inside the Cyberattack That Shocked the US Government}},
  howpublished = {\url{ttps://www.wired.com/2016/10/inside-cyberattack-shocked-us-government/}},
}
@misc{lwnAudit,
  title        = {{Audit, namespaces, and containers}},
  howpublished = {\url{https://lwn.net/Articles/699819/}},
}
@misc{Anchorecve,
  title        = {{Anchore Example Queries}},
  howpublished = {\url{https://github.com/anchore/anchore/wiki/Example-Queries}},
}
@misc{sysbench,
  title        = {{MySQL Benchmark Tool}},
  howpublished = {\url{https://dev.mysql.com/downloads/benchmarks.html}},
}
@misc{dirtycowCont,
  title        = {{Docker Container Escape}},
  howpublished = {\url{http://bit.ly/2fgdFPs}},
}
@misc{dirtycowCont2,
  title        = {{Dirty COW Vulnerability: Impact on Containers}},
  howpublished = {\url{http://blog.aquasec.com/dirty-cow-vulnerability-impact-on-containers}},
}
@misc{dirtycow,
  title        = {{CVE-2016-5195}},
  howpublished = {\url{https://dirtycow.ninja/}},
}
@misc{dockerswarm,
  title        = {{A Docker-native Clustering System}},
  howpublished = {\url{https://docs.docker.com/swarm/}},
}
@misc{kubernetes,
  title        = {{Production-Grade Container Orchestration}},
  howpublished = {\url{https://kubernetes.io/}},
}
@misc{apachemesos,
  title        = {{Apache Mesos - Docker Containerizer}},
  howpublished = {\url{http://mesos.apache.org/}},
}
@misc{alpcmsgs,
  title        = {{Monitoring ALPC Messages}},
  howpublished = {\url{http://blogs.microsoft.co.il/pavely/2017/02/12/monitoring-alpc-messages/}},
}
@misc{malextensions,
  title        = {{Dangerous and malicious file extensions}},
  howpublished = {\url{https://www.file-extensions.org/filetype/extension/name/dangerous-malicious-files}},
}
@misc{malurls,
  title        = {{Google Safe Browsing}},
  howpublished = {\url{https://developers.google.com/safe-browsing/v4/}},
}
@misc{wannacry,
  title        = {{Ransom.Wannacry}},
  howpublished = {\url{https://symc.ly/2NSK5Rg}},
}
@misc{vpnfilter,
  title        = {{VPNFilter: New Router Malware with Destructive Capabilities}},
  howpublished = {\url{https://symantec-enterprise-blogs.security.com/blogs/threat-intelligence/vpnfilter-iot-malware}},
}
@misc{virustotal,
  title        = {{VirusTotal}},
  howpublished = {\url{https://www.virustotal.com/}},
}
@misc{phishingemail,
  title        = {{CVE-2008-0081}},
  howpublished = {\url{https://nvd.nist.gov/vuln/detail/CVE-2008-0081}},
}
@misc{netcatbackdoor,
  title        = {{Persistent netcat backdoor}},
  howpublished = {\url{https://www.offensive-security.com/metasploit-unleashed/persistent-netcat-backdoor/}},
}
@misc{retention2,
  title        = {{Evaluating Endpoint Products}},
  howpublished = {\url{https://redcanary.com/blog/evaluating-endpoint-products-in-a-crowded-confusing-market/}},
}
@misc{redisgraph,
  title        = {{RedisGraph - a graph database module for Redis}},
  howpublished = {\url{https://oss.redislabs.com/redisgraph/}},
}
@misc{kafka,
  title        = {{Apache Kafka}},
  howpublished = {\url{https://kafka.apache.org/}},
}
@misc{threathunting,
  title        = {{Breach Detection}},
  howpublished = {\url{https://link.medium.com/6HpgbLgZuW}},
}
@misc{alertfatigue,
  title        = {{Alert Fatigue: 31.9\% of IT Security Professionals Ignore Alerts}},
  howpublished = {\url{https://www.skyhighnetworks.com/cloud-security-blog/alert-fatigue-31-9-of-it-security-professionals-ignore-alerts/}},
}
@misc{asitool,
  title        = {{Automated Security Intelligence (ASI)}},
  howpublished = {\url{https://www.nec.com/en/global/techrep/journal/g16/n01/160110.html}},
}
@misc{neo4j,
  title        = {{Neo4j}},
  howpublished = {\url{https://neo4j.com/}},
}
@misc{titangraph,
  title        = {{Titan: Distributed Graph Database}},
  howpublished = {\url{http://titan.thinkaurelius.com/}},
}
@misc{tigergraph,
  title        = {{TigerGraph}},
  howpublished = {\url{https://www.tigergraph.com/}},
}
@misc{sparkstream,
  title        = {{Spark Streaming}},
  howpublished = {\url{https://spark.apache.org/streaming/}},
}
@misc{apachestorm,
  title        = {{Apache Storm}},
  howpublished = {\url{http://storm.apache.org/}},
}
@misc{naiad,
  title        = {{Naiad}},
  howpublished = {\url{https://www.microsoft.com/en-us/research/project/naiad/}},
}
@misc{petya,
  title        = {{Petya ransomware outbreak}},
  howpublished = {\url{https://www.symantec.com/blogs/threat-intelligence/petya-ransomware-wiper}},
}
@misc{wannacrypt,
  title        = {{How WannaCrypt attacks}},
  howpublished = {\url{https://www.zdnet.com/article/how-wannacrypt-attacks/}},
}
@misc{redisattack,
  title        = {{Over 18,000 Redis Instances Targetted}},
  howpublished = {\url{https://duo.com/decipher/over-18000-redis-instances-targeted-by-fake-ransomware}},
}
@misc{redis,
  title        = {{Redis in-memory data structure store}},
  howpublished = {\url{https://redis.io/}},
}
@misc{ransomware,
  title        = {{Over 18,000 Redis Instances Targeted }},
  howpublished = {\url{https://duo.com/decipher/over-18000-redis-instances-targeted-by-fake-ransomware}},
}
@misc{googleguava,
  title        = {{Google core libraries for Java}},
  howpublished = {\url{https://github.com/google/guava}},
}
@misc{rocksdb,
  title        = {{RocksDB \vert{} A persistent key-value store}},
  howpublished = {\url{https://rocksdb.org/}},
}
@misc{fireeyestudy,
  title        = {{Incident Investigation}},
  howpublished = {\url{https://www.fireeye.com/solutions/incident-investigation.html}},
}
@misc{dwell1,
  title        = {{Why Dwell Time Continues to Plague Organizations}},
  howpublished = {\url{https://www.crowdstrike.com/blog/why-dwell-time-continues-to-plague-organizations/}},
}
@misc{dwell2,
  title        = {{Breach Detection}},
  howpublished = {\url{https://bit.ly/2Q6okPf}},
}
@misc{studyFireEye,
  title        = {{How Many Alerts is Too Many to Handle?}},
  howpublished = {\url{https://www2.fireeye.com/StopTheNoise-IDC-Numbers-Game-Special-Report.html}},
}
@misc{targetbreach,
  title        = {{Target Missed Warnings in Epic Hack of Credit Card Data}},
  howpublished = {\url{https://bloom.bg/2KjElxM}},
}
@misc{eternalblue,
  title        = {{MS17-010 EternalBlue SMB Remote Windows Kernel Pool Corruption}},
  howpublished = {\url{https://www.rapid7.com/db/modules/exploit/windows/smb/ms17\_010\_eternalblue/}},
}
@misc{siem,
  title        = {{What is SIEM?}},
  howpublished = {\url{https://logz.io/blog/what-is-siem/}},
}
@misc{apt29group,
  title        = {{APT 29 - Put up your Dukes}},
  howpublished = {\url{https://www.anomali.com/blog/apt-29-put-up-your-dukes}},
}
@misc{gartneredr,
  title        = {{Endpoint Detection and Response Solutions Market}},
  howpublished = {\url{https://www.gartner.com/reviews/market/endpoint-detection-and-response-solutions}},
}
@misc{apt29tactics,
  title        = {{APT29}},
  howpublished = {\url{https://attack.mitre.org/groups/G0016/}},
}
@misc{apt3group,
  title        = {{APT3}},
  howpublished = {\url{https://attack.mitre.org/groups/G0022/}},
}
@misc{ttps,
  title        = {{What's in a name? TTPs in Info Sec}},
  howpublished = {\url{https://posts.specterops.io/whats-in-a-name-ttps-in-info-sec-14f24480ddcc}},
}
@misc{killchain,
  title        = {{Threat-based Defense}},
  howpublished = {\url{https://www.mitre.org/capabilities/cybersecurity/threat-based-defense}},
}
@misc{retention1,
  title        = {{About purging reports}},
  howpublished = {\url{https://support.symantec.com/us/en/article.howto129116.html}},
}
@misc{apachetinkerpop,
  title        = {{Apache TinkerPop}},
  howpublished = {\url{http://tinkerpop.apache.org/}},
}
@misc{edrstudy1,
  title        = {{The Critical Role of Endpoint Detection and Response}},
  howpublished = {\url{https://bit.ly/39NrNwo}},
}
@misc{capec,
  title        = {{Common Attack Pattern Enumeration and Classification}},
  howpublished = {\url{https://capec.mitre.org}},
}
@misc{symedr,
  title        = {{Symantec Endpoint Detection and Response}},
  howpublished = {\url{https://www.symantec.com/products/endpoint-detection-and-response}},
}
@misc{mitre,
  title        = {{MITRE ATT\&CK}},
  howpublished = {\url{https://attack.mitre.org}},
}
@misc{t1194,
  title        = {{Spearphishing via Service}},
  howpublished = {\url{https://attack.mitre.org/techniques/T1194/}},
}
@misc{t1107,
  title        = {{File Deletion}},
  howpublished = {\url{https://attack.mitre.org/techniques/T1107/}},
}
@misc{t1060,
  title        = {{Registry Run Keys / Startup Folder}},
  howpublished = {\url{https://attack.mitre.org/techniques/T1060/}},
}
@misc{capect1194,
  title        = {{CAPEC-163: Spear Phishing}},
  howpublished = {\url{https://capec.mitre.org/data/definitions/163.html}},
}
@misc{capec270,
  title        = {{CAPEC-270: Modification of Registry Run Keys}},
  howpublished = {\url{https://capec.mitre.org/data/definitions/163.html}},
}
@misc{endgameendpoint,
  title        = {{Endgame - Endpoint Protection}},
  howpublished = {\url{https://www.endgame.com/sites/default/files/architecturesolutionbrief.pdf}},
}
@misc{mitrematrix,
  title        = {{MITRE Matrix}},
  howpublished = {\url{https://attack.mitre.org/matrices/enterprise/}},
}
@misc{zeek,
  title        = {{Zeek: Network Security Monitoring Tool}},
  howpublished = {\url{https://zeek.org/}},
}
@misc{log4c,
  title        = {{Log4c : Logging for C library}},
  howpublished = {\url{http://log4c.sourceforge.net/}},
}
@misc{linuxsyslog,
  title        = {{Rsyslogd}},
  howpublished = {\url{http://man7.org/linux/man-pages/man8/rsyslogd.8.html}},
}
@misc{logpractices,
  title        = {{7 more good tips on logging}},
  author       = {S. Schmidt},
  howpublished = {\url{http://codemonkeyism.com/7-more-good-tips-on-logging/}},
}
@misc{solarwinds,
  title        = {{The SolarWinds Cyber-Attack: What You Need to Know}},
  howpublished = {\url{https://www.cisecurity.org/solarwinds/}},
}
@misc{osquery,
  title        = {{Performant Endpoint Visibility}},
  howpublished = {\url{https://osquery.io/}},
}
@misc{endpointsecurityframework,
  title        = {{Endpoint Security Framework}},
  howpublished = {\url{https://developer.apple.com/documentation/endpointsecurity}},
}
@misc{openbsm,
  title        = {{OpenBSM: Open Source Basic Security Module (BSM) Audit Implementation}},
  howpublished = {\url{http://www.trustedbsd.org/openbsm.html}},
}
@misc{darpaoptc,
  title        = {{DARPA OPTC}},
  howpublished = {\url{https://github.com/FiveDirections/OpTC-data}},
}
@misc{newszeekagent,
  title        = {{Announcing the Zeek Agent}},
  howpublished = {\url{https://zeek.org/2020/03/23/announcing-the-zeek-agent/}},
}
@misc{graphexp,
  title        = {{Graphexp: graph explorer with D3.js}},
  howpublished = {\url{https://github.com/bricaud/graphexp}},
}
@misc{darpatc,
  title        = {{DARPA TC}},
  howpublished = {\url{https://github.com/darpa-i2o/Transparent-Computing}},
}
@misc{flurry,
  title        = {{Flurry}},
  howpublished = {\url{https://pypi.org/project/flurryflake/}},
}
@misc{lastpass,
  title        = {{Hacked home computer of engineer}},
  howpublished = {\url{https://www.csoonline.com/article/3688922/hacked-home-computer-of-engineer-led-to-second-lastpass-data-breach.html}},
}
@misc{mssp,
  title        = {{Managed Security Service Provider (MSSP)}},
  howpublished = {\url{https://www.gartner.com/en/information-technology/glossary/mssp-managed-security-service-provider}},
}
@misc{attack-mssp,
  title        = {{MSSPs Among Hardest Hit by Cyberattacks Targeting}},
  howpublished = {\url{https://www.msspalert.com/cybersecurity-research/mssps-among-hardest-hit-by-cyberattacks-targeting-backup-vulnerabilities/}},
}
@misc{study-mssp,
  title        = {{70\% of Organizations Will Use MSSPs}},
  howpublished = {\url{https://www.msspalert.com/cybersecurity-research/70-of-organizations-will-use-mssps-for-outsourced-security-in-next-12-months-study-finds/}},
}
@misc{infectionmonkey,
  title        = {{Infection Monkey}},
  howpublished = {\url{https://www.akamai.com/infectionmonkey}},
}
@misc{gnnissues,
  title        = {{Recent Advances in Efficient and Scalable Graph Neural Networks}},
  howpublished = {\url{https://www.chaitjo.com/post/efficient-gnns/}},
}
@misc{cilium2023,
  title        = {Cilium: eBPF-based Networking, Security, and Observability},
}
@misc{tracee2023,
  title        = {Tracee: A Runtime Security and Forensic Tracing Tool for Linux},
  howpublished = {\url{https://www.aquasec.com/products/tracee/}},
}
@misc{falco2023,
  title        = {Falco: Open-source Cloud-native Runtime Security},
  howpublished = {\url{http://falco.org}},
}
@misc{threathuntingtimeline,
  title        = {{Cyber Threat Hunting Review}},
  year         = 2019,
  howpublished = {\url{https://blog.usejournal.com/cyber-threat-hunting-basics-52fca11a4e1d}},
}

@misc{newszeekagent,
	Howpublished = {\url{https://zeek.org/2020/03/23/announcing-the-zeek-agent/}},
	Title = {{Announcing the Zeek Agent}},
	}
@misc{graphexp,
	Howpublished = {\url{https://github.com/bricaud/graphexp}},
	Title = {{Graphexp: graph explorer with D3.js}},
	}

@misc{nist,
    title = {NATIONAL VULNERABILITY DATABASE},
    howpublished = {\url{https://nvd.nist.gov/vuln}}
    }

@misc{openbsm,
	Howpublished = {\url{http://www.trustedbsd.org/openbsm.html}},
	Title = {{OpenBSM: Open Source Basic Security Module (BSM) Audit Implementation}},
	}

@misc{opencti,
    title = {OpenCTI},
    howpublished = {\url{https://www.filigran.io/en/solutions/products/opencti/}}
}

@misc{osquery,
	Howpublished = {\url{https://osquery.io/}},
	Title = {{Performant Endpoint Visibility}},
}
@misc{endpointsecurityframework,
	Howpublished = {\url{https://developer.apple.com/documentation/endpointsecurity}},
	Title = {{Endpoint Security Framework}},
	}

@misc{pagerduty,
title={PagerDuty Incident Response},
howpublished={\url{https://response.pagerduty.com/}}
}

@misc{redcanaryir,
title={Incident Response Preparedness Guide},
howpublished={\url{https://redcanary.com/resources/guides/incident-response-preparedness-guide/}}
}

@misc{securityonion,
title = {{Security Onion}},
howpublished = {\url{https://securityonion.net}}
}

@misc{socshortage,
    title = {Bridging the Cybersecurity Skills Gap},
    howpublished = {\url{https://www.linkedin.com/pulse/bridging-cybersecurity-skills-gap-nurturing-talent-secure-digital/}}
    }

@misc{solarwinds,
	Howpublished = {\url{https://www.cisecurity.org/solarwinds/}},
	Title = {{The SolarWinds Cyber-Attack: What You Need to Know}},
}

@misc{splunksec,
title={Splunk Security Content},
howpublished={\url{https://github.com/splunk/security_content}}
}

@misc{stix,
    title = {STIX},
    howpublished = {\url{https://oasis-open.github.io/cti-documentation/stix/intro.html}}
    }

@misc{study-mssp,
  title        = {{70\% of Organizations Will Use MSSPs}},
  howpublished = {\url{https://www.msspalert.com/cybersecurity-research/70-of-organizations-will-use-mssps-for-outsourced-security-in-next-12-months-study-finds/}},
}

@misc{threatplaybook,
title={ThreatHunter Playbook},
howpublished={\url{https://github.com/OTRF/ThreatHunter-Playbook}}
}

@misc{tracerfire,
    title = {Tracer FIRE Cyberforensic Training Platform},
    howpublished = {\url{https://www.osti.gov/servlets/purl/1251138}}
    }

@misc{uprobes,
    title = "{Uprobes: User-Level Probes in Linux Kernel}",
    howpublished = "\url{https://docs.kernel.org/trace/uprobetracer.html}"
}

@misc{verizonreport,
    title = {Data Breach Investigations Report},
    howpublished = {\url{https://www.verizon.com/business/resources/reports/dbir/}}
    }

@misc{xforce,
    title = {IBM X-Force Exchange},
    howpublished = {\url{https://exchange.xforce.ibmcloud.com/}}
    }

@misc{microsoftseccopilot,
    title = {Microsoft Copilot for Security (6 months later)},
    howpublished = {\url{https://thecloudtechnologist.com/2024/10/04/microsoft-copilot-for-security-6-months-later/}}
    }

